@article{Brontë,
author = {Emily Brontë},
title = {Wuthering Heights},
year = {2017}
}